

@article{marjolin-2015-therm-descr,
  author =	 {Aude Marjolin and John A. Keith},
  title =	 {Thermodynamic Descriptors for Molecules the Catalyze Efficient
                  \ce{CO2} Electroreductions},
  journal =	 {ACS Catalysis},
  volume =	 {nil},
  number =	 {nil},
  pages =	 150106113904007,
  year =	 2015,
  doi =		 {10.1021/cs501406j},
  url =		 {http://dx.doi.org/10.1021/cs501406j},
}


@article{paier-2006-errat,
  author =	 {J. Paier and M. Marsman and K. Hummer and G. Kresse and
                  I. C. Gerber and J. G. {\'A}ngy{\'a}n},
  title =	 {Erratum: "screened Hybrid Density Functionals Applied To
                  Solids" [j. Chem. Phys. 124, 154709 (2006)]},
  journal =	 {J. Chem. Phys.},
  volume =	 125,
  number =	 24,
  pages =	 249901,
  year =	 2006,
}


@article{zhou-2004-first-lda-u,
  author =	 {F. Zhou and M. Cococcioni and C. Marianetti and D. Morgan and
                  G. Ceder},
  title =	 {First-Principles Prediction of Redox Potentials in
                  Transition-Metal Compounds With Lda+u},
  journal =	 {Physical Review B},
  volume =	 70,
  number =	 23,
  pages =	 {nil},
  year =	 2004,
  doi =		 {10.1103/physrevb.70.235121},
  url =		 {http://dx.doi.org/10.1103/PhysRevB.70.235121},
}


@article{kondratyuk-2013,
  author =	 {Petro Kondratyuk and Gamze Gumuslu and Shantanu Shukla and
                  James B. Miller and Bryan D. Morreale and Andrew J. Gellman},
  title =	 {A Microreactor Array for Spatially Resolved Measurement of
                  Catalytic Activity for High-Throughput Catalysis Science},
  journal =	 {Journal of Catalysis},
  volume =	 300,
  pages =	 {55-62},
  year =	 2013,
  doi =		 {10.1016/j.jcat.2012.12.015},
  url =		 {http://dx.doi.org/10.1016/j.jcat.2012.12.015},
}

@ARTICLE{2015arXiv150301742H,
   author = {{Hatch}, H.~W. and {Mittal}, J. and {Shen}, V.~K.},
    title = "{Computational Study of Trimer Self-Assembly and Fluid Phase Behavior}",
  journal = {ArXiv e-prints},
archivePrefix = "arXiv",
   eprint = {1503.01742},
 primaryClass = "cond-mat.soft",
 keywords = {Condensed Matter - Soft Condensed Matter, Condensed Matter - Statistical Mechanics},
     year = 2015,
    month = mar,
   adsurl = {http://adsabs.harvard.edu/abs/2015arXiv150301742H},
  adsnote = {Provided by the SAO/NASA Astrophysics Data System}
}




@article{Brennan1,
	Author = {Michael J. Brennan and Eduardo S. Schwartz},
	Journal = {Journal of Financial and Quantitative Analysis},
	Pages = {461--474},
	Title = {Finite Difference Methods and Jump Processes Arising in the Pricing of Contingent Claims: {A} Synthesis},
	Volume = {13},
	Year = {1978}}


@article{BoyleBroadieGlasserman:97,
	author = {Phelim P. Boyle and Mark Broadie and Paul Glasserman},
	journal = {Journal of Economic Dynamics and Control},
	pages = {1267--1321},
	title = {{Monte} {Carlo} Methods for Security Pricing},
	volume = {21},
	year = {1997}}

@book{Glasserman:03,
	address = {New York},
	author = {Paul Glasserman},
	publisher = {Springer},
	title = {{Monte} {Carlo} Methods in Financial Engineering},
	year = {2003}}


@TechReport{ReinerRubinstein:91,
  author =       {Eric Reiner and Mark Rubinstein},
  title =        "Exotic Options",
  institution =  "U.C. Berkeley",
  year =         1991,
  type =         "Working Paper",
}
